@article{Phillips:2005:UGA:1080072.1080075,
 author = {Phillips, Dave},
 title = {A User's Guide to ALSA},
 journal = {Linux J.},
 issue_date = {August 2005},
 volume = {2005},
 number = {136},
 month = aug,
 year = {2005},
 issn = {1075-3583},
 pages = {3--},
 url = {http://dl.acm.org/citation.cfm?id=1080072.1080075},
 acmid = {1080075},
 publisher = {Belltown Media},
 address = {Houston, TX},
} 

@online{jack,
title={JACK Audio Connection Kit},	
author={jackaudio},
howpublished={\url{http://jackaudio.org/}},
note = { last accessed 31-July-2014}
}

howpublished={\url{http://dynamorio.org/history.html}},
note = { last accessed 31-July-2014}

@online{gpiopins,
title={RPi Low-level peripherals},	
author={elinux},
howpublished={\url{http://elinux.org/RPi_Low-level_peripherals#cite_note-3}},
note = { last accessed 31-July-2014}
}

@online{linuxsrc,
title={ git-revision for released Kernel 3.10.25+ \#486 },	
author={popcornmix},
howpublished={\url{https://github.com/raspberrypi/linux/issues/486}},
note = { last accessed 31-July-2014}
}


@online{fluidsynth,
title={Fluidsynth Website},	
author={FluidSynth},
howpublished={\url{http://www.fluidsynth.org/}},
note = { last accessed 31-July-2014}
}

@online{midimessages,
title={MIDI Messages},	
author={ MIDI Manufacturers Association Incorporated},
howpublished={\url{http://www.midi.org/techspecs/midimessages.php}},
note = { last accessed 31-July-2014}
}